@misc{weissman2010custom,
  title={Custom entities and fields in a multi-tenant database system},
  author={Weissman, Craig and Wong, Simon},
  year={2010},
  month=aug # "~17",
  publisher={Google Patents},
  note={US Patent 7,779,039}
}

@inproceedings{bezemer2010multi,
  title={Multi-tenant SaaS applications: maintenance dream or nightmare?},
  author={Bezemer, Cor-Paul and Zaidman, Andy},
  booktitle={Proceedings of the Joint ERCIM Workshop on Software Evolution (EVOL) and International Workshop on Principles of Software Evolution (IWPSE)},
  pages={88--92},
  year={2010}
}

@inproceedings{weissman2009design,
  title={The design of the force. com multitenant internet application development platform},
  author={Weissman, Craig D and Bobrowski, Steve},
  booktitle={Proceedings of the 2009 ACM SIGMOD International Conference on Management of data},
  pages={889--896},
  year={2009}
}

@inproceedings{kwok2008software,
  title={A software as a service with multi-tenancy support for an electronic contract management application},
  author={Kwok, Thomas and Nguyen, Thao and Lam, Linh},
  booktitle={2008 IEEE International Conference on Services Computing},
  volume={2},
  pages={179--186},
  year={2008},
  organization={IEEE}
}

@inproceedings{huber2011evaluating,
  title={Evaluating and Modeling Virtualization Performance Overhead for Cloud Environments.},
  author={Huber, Nikolaus and von Quast, Marcel and Hauck, Michael and Kounev, Samuel},
  booktitle={CLOSER},
  pages={563--573},
  year={2011}
}

@inproceedings{hossain2015cloud,
  title={Cloud Computing: A Multi-tenant Case Study},
  author={Hossain, Anindya and Shirazi, Farid},
  booktitle={International Conference on Human-Computer Interaction},
  pages={178--189},
  year={2015},
  organization={Springer}
}

@article{momm2011qualitative,
  title={A qualitative discussion of different approaches for implementing multi-tenant SaaS offerings1},
  author={Momm, Christof and Krebs, Rouven},
  journal={Software Engineering 2011--Workshopband},
  year={2011},
  publisher={Gesellschaft f{\"u}r Informatik eV}
}

@article{bezemer2010challenges,
  title={Challenges of reengineering into multi-tenant SaaS applications},
  author={Bezemer, C and Zaidman, Andy},
  journal={Technical Report Series TUD-SERG-2010-012},
  year={2010},
  publisher={Citeseer}
}
 
@article{chong2006multi,
  title={Multi-tenant data architecture},
  author={Chong, Frederick and Carraro, Gianpaolo and Wolter, Roger},
  journal={MSDN Library, Microsoft Corporation},
  pages={14--30},
  year={2006}
}